<?xml version="1.0" encoding="UTF-8"?><collection xmlns="http://www.loc.gov/MARC21/slim"><record><leader>00417nam--2200145-i-4500</leader><controlfield tag="001">000045648</controlfield><controlfield tag="002">20161230</controlfield><controlfield tag="005">20161230201045</controlfield><controlfield tag="008">060222s1000------------r-----000-0-eng-d</controlfield><datafield ind1=" " ind2=" " tag="080"><subfield code="a">541.14</subfield></datafield><datafield ind1=" " ind2=" " tag="100"><subfield code="a">Turro, Nicholas J./S.A.</subfield></datafield><datafield ind1=" " ind2=" " tag="245"><subfield code="a">Annual review of photochemistry. vol.1: survey of 1967 literature</subfield></datafield><datafield ind1=" " ind2=" " tag="260"><subfield code="a">New York, Wiley-interscience, 1969, Xiii+588p</subfield></datafield><datafield ind1=" " ind2=" " tag="490"><subfield code="a">Frontiers In Chemistry</subfield></datafield><datafield ind1=" " ind2=" " tag="852"><subfield code="a">35955</subfield></datafield></record></collection>